@article{bonniotpaquien2009a,
	author       = {Bonniot-Paquien, C. and Author2, B. and Author3, C.},
	title        = {Titre de l'article},
	journal      = {Nom du Journal},
	year         = {2009},
	volume       = {12},
	number       = {1},
	pages        = {34--56},
	doi          = {10.1000/journal.12345},
	note         = {2009a}
}

@book{navarro2021,
	author    = {Danielle Navarro and David Foxcroft and Jean-Marc Meunier (Trad)},
	title     = {Apprentissage des statistiques avec Jamovi : Un tutoriel pour les étudiants en psychologie et autres débutants},
	year      = {2021},
	publisher = {EDP Sciences},
	address   = {Les Ulis, France},
	note      = {Version française, licence Creative Commons BY-SA 4.0},
	url       = {https://jmeunierp8.github.io/ManuelJamovi/index.html},
}


@inbook{daudin,
	author    = {Laurent Bel and Jean-Jacques Daudin and Marie-Pierre Etienne and Emilie Lebarbier and Thibaut Mary-Huard and Stéphane Robin et Charlotte Vuillet},
	title     = {Le modèle linéaire et ses extensions: Modèle linéaire général, modèle linéaire généralisé, modèle mixte, plans d'expériences},
	editor    = {Jean-Jacques Daudin},
	year      = {2015},
	publisher = {Ellipses},
	address   = {Paris},
	pages     = {31-33},
	isbn      = {978-2-340-00914-1}
}
@article{lentillon2005,
	author       = {Lentillon-Kaestner, V. and Cogérino, G.},
	title        = {Les inégalités entre les sexes dans l’évaluation en EPS: sentiment d’injustice chez les collégiens},
	journal      = {Staps},
	year         = {2005},
	volume       = {68},
	pages        = {77},
	doi          = {10.3917/sta.068.0077},
	url          = {https://doi.org/10.3917/sta.068.0077}
}

@misc{poulin2023,
	author       = {Nicolas POULIN},
	title        = {Cours de Statistique avec Python (Tests de normalité et de Student et Anova final)},
	year         = {2023-2024},
	note         = {Prof. à l'Université de Strasbourg},
}

@misc{onaps2024campagne,
	author       = {{Observatoire National de l'Activité Physique et de la Sédentarité (ONAPS)}},
	title        = {Campagne nationale: On peut être actif et sédentaire!},
	year         = {2024},
	howpublished = {\url{https://onaps.fr/campagne-nationale-on-peut-etre-actif-et-sedentaire/}},
	note         = {Consulté le 25 juillet 2024}
}
@misc{who2021,
	author       = {{Organisation mondiale de la Santé}},
	title        = {Lignes directrices de l’OMS sur l’activité physique et la sédentarité},
	year         = {2021},
	howpublished = {\url{https://apps.who.int/iris/handle/10665/349728}},
	note         = {Genève: Organisation mondiale de la Santé},
}
@book{cornillon2022regression,
	author    = {Pierre-André Cornillon and Nicolas Hengartner and Eric Matzner-Løber and Laurent Rouvière},
	title     = {Régression avec R},
	edition   = {2ème},
	publisher = {EDP Sciences},
	pages     = {145},
	year      = {2022}
}
@techreport{UN_SDG_2020,
	title        = {Rapport sur les objectifs de développement durable 2020},
	author       = {{Nations Unies}},
	year         = {2020},
	institution  = {Organisation des Nations Unies},
	address      = {New York},
	type         = {Rapport annuel},
	note         = {Accent sur l'égalité des sexes et l'autonomisation des femmes et des filles},
	url          = {https://unstats.un.org/sdgs/report/2020/},
	language     = {français},
	keywords     = {développement durable, égalité des sexes, ODD, ONU},
	abstract     = {Ce rapport examine les progrès mondiaux vers la réalisation des Objectifs de développement durable (ODD), avec un focus particulier sur l'ODD 5 concernant l'égalité des sexes. Il met en lumière les défis persistants dans divers domaines tels que l'économie, la participation politique, les violences basées sur le genre, les droits des femmes et le mariage précoce. Le rapport souligne l'urgence d'accélérer les efforts pour atteindre l'égalité des sexes d'ici 2030.}
}
@misc{maistre2023,
	author       = {Samuel Maistre},
	title        = {Cours de régression},
	year         = {2023-2024},
	note         = {Prof. à l'Université de Strasbourg},
}

@article{wikipediaEffectSize,
	author  = {Wikipedia contributors},
	title   = {Effect size},
	journal = {Wikipedia, The Free Encyclopedia},
	year    = {2024},
	url     = {https://en.wikipedia.org/wiki/Effect_size},
	note    = {Page consulted on July 17, 2024}
}
@misc{wikipedia_ttest, 
	author = {{Wikipedia contributors}}, 
	title = {Student's t-test}, 
	year = {2024}, 
	url = {https://en.wikipedia.org/wiki/Student%27s_t-test}, 
	note = {Accessed August 4, 2024}
}

































