@book{survivalanalysis,
  author    = { David Machin and Yin Bun Cheung and Mahesh K.B Parmar},
  title     = {Survival analysis a practica approach},
  year      = {2006},
  publisher = {Wiley},
  edition   = {2}
}


@article{einstein1935,
  author  = {Albert Einstein and Boris Podolsky and Nathan Rosen},
  title   = {Can Quantum-Mechanical Description of Physical Reality Be Considered Complete?},
  journal = {Physical Review},
  year    = {1935},
  volume  = {47},
  number  = {10},
  pages   = {777-780},
  doi     = {10.1103/PhysRev.47.777}
}

@online{tg,
  author    = {Transgene SA},
  note      = {Dernière consultation : 11/07/2024},
  url   = {https://www.transgene.fr/}
}

@online{leem,
  author    = {LEEM},
  note      = {Dernière consultation : 11/07/2024},
  url   = {https://www.leem.org/le-developpement-preclinique-ou-la-premiere-evaluation}
}

@manual{R,
  author       = {{R Core Team}},
  title        = {R: A Language and Environment for Statistical Computing},
  year         = {2023},
  organization = {R Foundation for Statistical Computing},
  address      = {Vienna, Austria},
  url          = {https://www.R-project.org/}
}


@misc{cours,
  author       = {Cours de monsieur Gardes},
  title        = {Analyse de survie},
  year         = {2024},
  note         = {Université de Strasbourg},
  url          = {https://irma.math.unistra.fr/~gardes/Resume_Cours_Survie.pdf}
}
